<record><leader>00000cas a2200000 a 4500</leader><controlfield tag="001">47178641</controlfield><controlfield tag="008">010622d19661966nyuwr ne      0    0eng c</controlfield><datafield ind1=" " ind2=" " tag="010"><subfield code="a">sn2001061950</subfield></datafield><datafield ind1=" " ind2=" " tag="040"><subfield code="a">NYS</subfield><subfield code="b">eng</subfield><subfield code="c">NYS</subfield><subfield code="d">OCLCQ</subfield><subfield code="d">OCLCF</subfield><subfield code="d">OCLCO</subfield></datafield><datafield ind1="1" ind2=" " tag="029"><subfield code="a">AU@</subfield><subfield code="b">000022778522</subfield></datafield><datafield ind1=" " ind2=" " tag="042"><subfield code="a">pcc</subfield></datafield><datafield ind1=" " ind2=" " tag="043"><subfield code="a">n-us-ny</subfield></datafield><datafield ind1="0" ind2=" " tag="130"><subfield code="a">Cash register (Staten Island, New York, N.Y.)</subfield></datafield><datafield ind1="1" ind2="4" tag="245"><subfield code="a">The Cash register.</subfield></datafield><datafield ind1="1" ind2=" " tag="246"><subfield code="i">Issues for Nov. 14, 1966- called:</subfield><subfield code="a">Staten Island register</subfield></datafield><datafield ind1=" " ind2=" " tag="260"><subfield code="a">Staten Island, N.Y. :</subfield><subfield code="b">Joseph Sclafani,</subfield><subfield code="c">1966.</subfield></datafield><datafield ind1=" " ind2=" " tag="300"><subfield code="a">v. :</subfield><subfield code="b">ill. ;</subfield><subfield code="c">28 cm.</subfield></datafield><datafield ind1=" " ind2=" " tag="310"><subfield code="a">Weekly</subfield></datafield><datafield ind1="0" ind2=" " tag="362"><subfield code="a">Vol. 1, no. 1 (May 9,1966)-</subfield></datafield><datafield ind1=" " ind2=" " tag="515"><subfield code="a">North Shore edition begins separate numbering &lt;Vol. 1, no. 1 (Aug. 22, 1966)&gt;.</subfield></datafield><datafield ind1=" " ind2=" " tag="580"><subfield code="a">Continued by: Staten Island register.</subfield></datafield><datafield ind1=" " ind2=" " tag="588"><subfield code="a">Description based on: Vol. 1, no. 3 (June 6, 1966).</subfield></datafield><datafield ind1=" " ind2="0" tag="651"><subfield code="a">Staten Island (New York, N.Y.)</subfield><subfield code="v">Newspapers.</subfield></datafield><datafield ind1=" " ind2="0" tag="651"><subfield code="a">Richmond County (N.Y.)</subfield><subfield code="v">Newspapers.</subfield></datafield><datafield ind1=" " ind2="0" tag="651"><subfield code="a">New York (N.Y.)</subfield><subfield code="v">Newspapers.</subfield></datafield><datafield ind1=" " ind2="7" tag="655"><subfield code="a">Newspapers.</subfield><subfield code="2">fast</subfield><subfield code="0">(OCoLC)fst01423814</subfield></datafield><datafield ind1=" " ind2="7" tag="651"><subfield code="a">New York (State)</subfield><subfield code="z">New York.</subfield><subfield code="2">fast</subfield><subfield code="0">(OCoLC)fst01204333</subfield></datafield><datafield ind1=" " ind2="7" tag="651"><subfield code="a">New York (State)</subfield><subfield code="z">New York</subfield><subfield code="z">Staten Island.</subfield><subfield code="2">fast</subfield><subfield code="0">(OCoLC)fst01312784</subfield></datafield><datafield ind1=" " ind2="7" tag="651"><subfield code="a">New York (State)</subfield><subfield code="z">Richmond County.</subfield><subfield code="2">fast</subfield><subfield code="0">(OCoLC)fst01246820</subfield></datafield><datafield ind1=" " ind2=" " tag="752"><subfield code="a">United States</subfield><subfield code="b">New York</subfield><subfield code="c">Richmond</subfield><subfield code="d">Staten Island.</subfield></datafield><datafield ind1=" " ind2=" " tag="752"><subfield code="a">United States</subfield><subfield code="b">New York</subfield><subfield code="d">New York.</subfield></datafield><datafield ind1="0" ind2=" " tag="775"><subfield code="t">Cash register</subfield><subfield code="b">North Shore ed.</subfield></datafield><datafield ind1="0" ind2=" " tag="775"><subfield code="t">Cash register</subfield><subfield code="b">South Shore ed.</subfield></datafield><datafield ind1="0" ind2="0" tag="785"><subfield code="a">Staten Island register</subfield><subfield code="w">(DLC)sn 86003133</subfield><subfield code="w">(OCoLC)14575929</subfield></datafield></record>